%% Saved with string encoding Unicode (UTF-8) 

@article{tmp,
	title = {tmp},
	author = {999},
	journal = {999},
	volume = {999},
	number = {999},
	pages = {9999-9999},
	year = {9999},
}

% ------------------------- CH 1 ------------------------- %

% 1.1 foreword
@article{uhlrich2023ten,
  title={Ten steps to becoming a musculoskeletal simulation expert: A half-century of progress and outlook for the future},
  author={Uhlrich, Scott D and Uchida, Thomas K and Lee, Marissa R and Delp, Scott L},
  journal={Journal of Biomechanics},
  pages={111623},
  year={2023},
  publisher={Elsevier}
}
@article{roupa2022modeling,
  title={On the modeling of biomechanical systems for human movement analysis: a narrative review},
  author={Roupa, Ivo and da Silva, Mariana Rodrigues and Marques, Filipe and Gon{\c{c}}alves, S{\'e}rgio B and Flores, Paulo and da Silva, Miguel Tavares},
  journal={Archives of Computational Methods in Engineering},
  volume={29},
  number={7},
  pages={4915--4958},
  year={2022},
  publisher={Springer}
}
@article{barnamehei2020muscle,
  title={Muscle and joint force dependence of scaling and skill level of athletes in high-speed overhead task: musculoskeletal simulation study},
  author={Barnamehei, Hamidreza and Ghomsheh, Farhad Tabatabai and Cherati, Afsaneh Safar and Pouladian, Majid},
  journal={Informatics in Medicine Unlocked},
  volume={20},
  pages={100415},
  year={2020},
  publisher={Elsevier}
}
@article{bullock2022just,
  title={Just how confident can we be in predicting sports injuries? A systematic review of the methodological conduct and performance of existing musculoskeletal injury prediction models in sport},
  author={Bullock, Garrett S and Mylott, Joseph and Hughes, Tom and Nicholson, Kristen F and Riley, Richard D and Collins, Gary S},
  journal={Sports Medicine},
  volume={52},
  number={10},
  pages={2469--2482},
  year={2022},
  publisher={Springer}
}
@article{delp1990interactive,
  title={An interactive graphics-based model of the lower extremity to study orthopaedic surgical procedures},
  author={Delp, Scott L and Loan, J Peter and Hoy, Melissa G and Zajac, Felix E and Topp, Eric L and Rosen, Joseph M},
  journal={IEEE Transactions on Biomedical Engineering},
  volume={37},
  number={8},
  pages={757--767},
  year={1990},
  publisher={IEEE}
}
@article{rajagopal2020pre,
  title={Pre-operative gastrocnemius lengths in gait predict outcomes following gastrocnemius lengthening surgery in children with cerebral palsy},
  author={Rajagopal, Apoorva and Kidzi{\'n}ski, {\L}ukasz and McGlaughlin, Alec S and Hicks, Jennifer L and Delp, Scott L and Schwartz, Michael H},
  journal={PLoS One},
  volume={15},
  number={6},
  pages={e0233706},
  year={2020},
  publisher={Public Library of Science San Francisco, CA USA}
}
@article{winby2008evaluation,
  title={Evaluation of different analytical methods for subject-specific scaling of musculotendon parameters},
  author={Winby, CR and Lloyd, DG and Kirk, TB},
  journal={Journal of Biomechanics},
  volume={41},
  number={8},
  pages={1682--1688},
  year={2008},
  publisher={Elsevier}
}
@article{akhundov2022subject,
  title={Is subject-specific musculoskeletal modelling worth the extra effort or is generic modelling worth the shortcut?},
  author={Akhundov, Riad and Saxby, David J and Diamond, Laura E and Edwards, Suzi and Clausen, Phil and Dooley, Katherine and Blyton, Sarah and Snodgrass, Suzanne J},
  journal={PLoS One},
  volume={17},
  number={1},
  pages={e0262936},
  year={2022},
  publisher={Public Library of Science San Francisco, CA USA}
}
@article{pizzolato2017bioinspired,
  title={Bioinspired technologies to connect musculoskeletal mechanobiology to the person for training and rehabilitation},
  author={Pizzolato, Claudio and Lloyd, David G and Barrett, Rod S and Cook, Jill L and Zheng, Ming H and Besier, Thor F and Saxby, David J},
  journal={Frontiers in Computational Neuroscience},
  volume={11},
  pages={96},
  year={2017},
  publisher={Frontiers Media SA}
}

% 1.2 motivation & purpose
@article{stanev2021real,
  title={Real-time musculoskeletal kinematics and dynamics analysis using marker-and IMU-based solutions in rehabilitation},
  author={Stanev, Dimitar and Filip, Konstantinos and Bitzas, Dimitrios and Zouras, Sokratis and Giarmatzis, Georgios and Tsaopoulos, Dimitrios and Moustakas, Konstantinos},
  journal={Sensors},
  volume={21},
  number={5},
  pages={1804},
  year={2021},
  publisher={MDPI}
}
@article{guo2023clinical,
  title={Clinical Study of a Wearable Remote Rehabilitation Training System for Patients With Stroke: Randomized Controlled Pilot Trial},
  author={Guo, Liquan and Wang, Jiping and Wu, Qunqiang and Li, Xinming and Zhang, Bochao and Zhou, Linfu and Xiong, Daxi},
  journal={JMIR mHealth and uHealth},
  volume={11},
  pages={e40416},
  year={2023},
  publisher={JMIR Publications Toronto, Canada}
}
@article{falkowski2023study,
  title={Study on the Applicability of Digital Twins for Home Remote Motor Rehabilitation},
  author={Falkowski, Piotr and Osiak, Tomasz and Wilk, Julia and Prokopiuk, Norbert and Leczkowski, Bazyli and Pilat, Zbigniew and Rzymkowski, Cezary},
  journal={Sensors},
  volume={23},
  number={2},
  pages={911},
  year={2023},
  publisher={MDPI}
}
@article{da2017feasibility,
  title={Feasibility of using MRIs to create subject-specific parallel-mechanism joint models},
  author={da Luz, Simao Brito and Modenese, Luca and Sancisi, Nicola and Mills, Peter M and Kennedy, Ben and Beck, Belinda R and Lloyd, David G},
  journal={Journal of Biomechanics},
  volume={53},
  pages={45--55},
  year={2017},
  publisher={Elsevier}
}
@article{dejtiar2020development,
  title={Development and evaluation of a subject-specific lower limb model with an eleven-degrees-of-freedom natural knee model using magnetic resonance and biplanar X-ray imaging during a quasi-static lunge},
  author={Dejtiar, David Leandro and Dzialo, Christine Mary and Pedersen, Peter Heide and Jensen, Kenneth Krogh and Fleron, Martin Kokholm and Andersen, Michael Skipper},
  journal={Journal of Biomechanical Engineering},
  volume={142},
  number={6},
  year={2020},
  publisher={American Society of Mechanical Engineers Digital Collection}
}
@inproceedings{sartori2017subject,
  title={Subject-specificity via 3D ultrasound and personalized musculoskeletal modeling},
  author={Sartori, Massimo and Rubenson, Jonas and Lloyd, David G and Farina, Dario and Panizzolo, Fausto A},
  booktitle={Converging Clinical and Engineering Research on Neurorehabilitation II: Proceedings of the 3rd International Conference on NeuroRehabilitation (ICNR2016), October 18-21, 2016, Segovia, Spain},
  pages={639--642},
  year={2017},
  organization={Springer}
}
@article{passmore2017application,
  title={Application of ultrasound imaging to subject-specific modelling of the human musculoskeletal system},
  author={Passmore, Elyse and Lai, Adrian and Sangeux, Morgan and Schache, Anthony G and Pandy, Marcus G},
  journal={Meccanica},
  volume={52},
  pages={665--676},
  year={2017},
  publisher={Springer}
}
@article{myers2015probabilistic,
  title={A probabilistic approach to quantify the impact of uncertainty propagation in musculoskeletal simulations},
  author={Myers, Casey A and Laz, Peter J and Shelburne, Kevin B and Davidson, Bradley S},
  journal={Annals of Biomedical Engineering},
  volume={43},
  pages={1098--1111},
  year={2015},
  publisher={Springer}
}
@article{bujalski2018monte,
  title={A Monte Carlo analysis of muscle force estimation sensitivity to muscle-tendon properties using a Hill-based muscle model},
  author={Bujalski, P and Martins, J and Stirling, L},
  journal={Journal of Biomechanics},
  volume={79},
  pages={67--77},
  year={2018},
  publisher={Elsevier}
}

% ------------------------- CH 2 ------------------------- %

% 2.1.1 MC
@article{taborri2020sport,
  title={Sport biomechanics applications using inertial, force, and EMG sensors: A literature overview},
  author={Taborri, Juri and Keogh, Justin and Kos, Anton and Santuz, Alessandro and Umek, Anton and Urbanczyk, Caryn and van der Kruk, Eline and Rossi, Stefano},
  journal={Applied Bionics and Biomechanics},
  volume={2020},
  year={2020},
  publisher={Hindawi}
}
@article{menolotto2020motion,
  title={Motion capture technology in industrial applications: A systematic review},
  author={Menolotto, Matteo and Komaris, Dimitrios-Sokratis and Tedesco, Salvatore and Oâ€™Flynn, Brendan and Walsh, Michael},
  journal={Sensors},
  volume={20},
  number={19},
  pages={5687},
  year={2020},
  publisher={MDPI}
}
@article{dang2020sensor,
  title={Sensor-based and vision-based human activity recognition: A comprehensive survey},
  author={Dang, L Minh and Min, Kyungbok and Wang, Hanxiang and Piran, Md Jalil and Lee, Cheol Hee and Moon, Hyeonjoon},
  journal={Pattern Recognition},
  volume={108},
  pages={107561},
  year={2020},
  publisher={Elsevier}
}
% OMC
@article{colyer2018review,
  title={A review of the evolution of vision-based motion analysis and the integration of advanced computer vision methods towards developing a markerless system},
  author={Colyer, Steffi L and Evans, Murray and Cosker, Darren P and Salo, Aki IT},
  journal={Sports Medicine-Open},
  volume={4},
  number={1},
  pages={1--15},
  year={2018},
  publisher={SpringerOpen}
}
@article{lam2023systematic,
  title={A systematic review of the applications of markerless motion capture (MMC) technology for clinical measurement in rehabilitation},
  author={Lam, Winnie WT and Tang, Yuk Ming and Fong, Kenneth NK},
  journal={Journal of NeuroEngineering and Rehabilitation},
  volume={20},
  number={1},
  pages={1--26},
  year={2023},
  publisher={BioMed Central}
}
@misc{vicon_web,
  author = {{Vicon Motion Systems Ltd.}},
  title = {VICON},
  howpublished = {WebPage},
  note = {Online available at: \url{https://www.vicon.com}; accessed at 19/5/2023}
}
@misc{mediapipe_web,
  author = {{Google Inc.}},
  title = {MediaPipe},
  howpublished = {WebPage},
  note = {Online available at: \url{https://developers.google.com/mediapipe}; accessed at 19/5/2023}
}
% IMC
@inproceedings{young2009comparison,
  title={Comparison of orientation filter algorithms for realtime wireless inertial posture tracking},
  author={Young, Alexander D},
  booktitle={2009 Sixth International Workshop on Wearable and Implantable Body Sensor Networks},
  pages={59--64},
  year={2009},
  organization={IEEE}
}
@article{roetenberg2009xsens,
  title={Xsens MVN: Full 6DOF human motion tracking using miniature inertial sensors},
  author={Roetenberg, Daniel and Luinge, Henk and Slycke, Per and others},
  journal={Xsens Motion Technologies BV, Tech. Rep},
  volume={1},
  pages={1--7},
  year={2009},
  publisher={Citeseer}
}
@article{paulich2018xsens,
  title={Xsens MTw Awinda: Miniature wireless inertial-magnetic motion tracker for highly accurate 3D kinematic applications},
  author={Paulich, Monique and Schepers, Martin and Rudigkeit, Nina and Bellusci, Giovanni},
  journal={Xsens: Enschede, The Netherlands},
  pages={1--9},
  year={2018}
}
@article{chen2020drift,
  title={Drift-free and self-aligned IMU-based human gait tracking system with augmented precision and robustness},
  author={Chen, Yawen and Fu, Chenglong and Leung, Winnie Suk Wai and Shi, Ling},
  journal={IEEE Robotics and Automation Letters},
  volume={5},
  number={3},
  pages={4671--4678},
  year={2020},
  publisher={IEEE}
}
@article{brossard2020denoising,
  title={Denoising imu gyroscopes with deep learning for open-loop attitude estimation},
  author={Brossard, Martin and Bonnabel, Silvere and Barrau, Axel},
  journal={IEEE Robotics and Automation Letters},
  volume={5},
  number={3},
  pages={4796--4803},
  year={2020},
  publisher={IEEE}
}
@article{madgwick2020extended,
  title={An extended complementary filter for full-body MARG orientation estimation},
  author={Madgwick, Sebastian OH and Wilson, Samuel and Turk, Ruth and Burridge, Jane and Kapatos, Christos and Vaidyanathan, Ravi},
  journal={IEEE/ASME Transactions on Mechatronics},
  volume={25},
  number={4},
  pages={2054--2064},
  year={2020},
  publisher={IEEE}
}
@article{van2021machine,
  title={Machine learning to improve orientation estimation in sports situations challenging for inertial sensor use},
  author={van Dijk, Marit P and Kok, Manon and Berger, Monique AM and Hoozemans, Marco JM and Veeger, DirkJan HEJ},
  journal={Frontiers in Sports and Active Living},
  volume={3},
  pages={670263},
  year={2021},
  publisher={Frontiers Media SA}
}
@article{sy2020estimating,
  title={Estimating lower limb kinematics using a reduced wearable sensor count},
  author={Sy, Luke and Raitor, Michael and Del Rosario, Michael and Khamis, Heba and Kark, Lauren and Lovell, Nigel H and Redmond, Stephen J},
  journal={IEEE Transactions on Biomedical Engineering},
  volume={68},
  number={4},
  pages={1293--1304},
  year={2020},
  publisher={IEEE}
}
@article{van2022obtaining,
  title={Obtaining wheelchair kinematics with one sensor only? The trade-off between number of inertial sensors and accuracy for measuring wheelchair mobility performance in sports},
  author={van Dijk, Marit P and van der Slikke, Rienk MA and Rupf, Rob and Hoozemans, Marco JM and Berger, Monique AM and Veeger, DirkJan HEJ},
  journal={Journal of Biomechanics},
  volume={130},
  pages={110879},
  year={2022},
  publisher={Elsevier}
}
@article{slade2021open,
  title={An open-source and wearable system for measuring 3D human motion in real-time},
  author={Slade, Patrick and Habib, Ayman and Hicks, Jennifer L and Delp, Scott L},
  journal={IEEE Transactions on Biomedical Engineering},
  volume={69},
  number={2},
  pages={678--688},
  year={2021},
  publisher={IEEE}
}
@article{van2014reliability,
  title={Reliability and precision of 3D wireless measurement of scapular kinematics},
  author={van den Noort, Josien C and Wiertsema, Suzanne H and Hekman, Karin MC and Sch{\"o}nhuth, Casper P and Dekker, Joost and Harlaar, Jaap},
  journal={Medical \& Biological Engineering \& Computing},
  volume={52},
  pages={921--931},
  year={2014},
  publisher={Springer}
}
@article{van2015measurement,
  title={Measurement of scapular dyskinesis using wireless inertial and magnetic sensors: importance of scapula calibration},
  author={van den Noort, Josien C and Wiertsema, Suzanne H and Hekman, Karin MC and Sch{\"o}nhuth, Casper P and Dekker, Joost and Harlaar, Jaap},
  journal={Journal of Biomechanics},
  volume={48},
  number={12},
  pages={3460--3468},
  year={2015},
  publisher={Elsevier}
}
@article{bhagubai2020quantifying,
  title={Quantifying pathological synergies in the upper extremity of stroke subjects with the use of inertial measurement units: A pilot study},
  author={Bhagubai, Miguel MC and Wolterink, Gerjan and Schwarz, Anne and Held, Jeremia PO and Van Beijnum, Bert-Jan F and Veltink, Peter H},
  journal={IEEE Journal of Translational Engineering in Health and Medicine},
  volume={9},
  pages={1--11},
  year={2020},
  publisher={IEEE}
}

% 2.1.2 force sensor
@article{muro2014gait,
  title={Gait analysis methods: An overview of wearable and non-wearable systems, highlighting clinical applications},
  author={Muro-De-La-Herran, Alvaro and Garcia-Zapirain, Begonya and Mendez-Zorrilla, Amaia},
  journal={Sensors},
  volume={14},
  number={2},
  pages={3362--3394},
  year={2014},
  publisher={Molecular Diversity Preservation International (MDPI)}
}
@article{gao2020piezoelectric,
  title={Piezoelectric-based insole force sensing for gait analysis in the Internet of Health Things},
  author={Gao, Shuo and Chen, Jun-Liang and Dai, Yan-Ning and Wang, Rui and Kang, Shuai-Bo and Xu, Li-Jun},
  journal={IEEE Consumer Electronics Magazine},
  volume={10},
  number={1},
  pages={39--44},
  year={2020},
  publisher={IEEE}
}
@misc{Kistler_web,
  author = {{Kistler Holding AG}},
  title = {3D force plate},
  howpublished = {WebPage},
  note = {Online available at: \url{https://www.kistler.com/INT/en/3d-force-plate/C00000090}; accessed at 20/5/2023}
}
@misc{AMTI_web,
  author = {{Advanced Mechanical Technology, Inc.}},
  title = {Force Plates Products},
  howpublished = {WebPage},
  note = {Online available at: \url{https://www.amti.biz/product/bms464508/}; accessed at 20/5/2023}
}
@article{liu2010wearable,
  title={A wearable force plate system for the continuous measurement of triaxial ground reaction force in biomechanical applications},
  author={Liu, Tao and Inoue, Yoshio and Shibata, Kyoko},
  journal={Measurement Science and Technology},
  volume={21},
  number={8},
  pages={085804},
  year={2010},
  publisher={IOP Publishing}
}
@misc{TecGihan_web,
  author = {{Tec Gihan Co., Ltd}},
  title = {Wired M3D Force Platex Products},
  howpublished = {WebPage},
  note = {Online available at: \url{https://tecgihan.co.jp/en/products/force-plate/small-for-shoes/m3d-force-plate-wired/}; accessed at 20/5/2023}
}
@article{kinoshita2017finger,
  title={Finger forces in fastball baseball pitching},
  author={Kinoshita, Hiroshi and Obata, Satoshi and Nasu, Daiki and Kadota, Koji and Matsuo, Tomoyuki and Fleisig, Glenn S},
  journal={Human Movement Science},
  volume={54},
  pages={172--181},
  year={2017},
  publisher={Elsevier}
}
@article{muller2019motion,
  title={Motion-based prediction of hands and feet contact efforts during asymmetric handling tasks},
  author={Muller, Antoine and Pontonnier, Charles and Dumont, Georges},
  journal={IEEE Transactions on Biomedical Engineering},
  volume={67},
  number={2},
  pages={344--352},
  year={2019},
  publisher={IEEE}
}

% 2.1.3 signal
@article{seshadri2019wearable,
  title={Wearable sensors for monitoring the internal and external workload of the athlete},
  author={Seshadri, Dhruv R and Li, Ryan T and Voos, James E and Rowbottom, James R and Alfes, Celeste M and Zorman, Christian A and Drummond, Colin K},
  journal={npj Digital Medicine},
  volume={2},
  number={1},
  pages={71},
  year={2019},
  publisher={Nature Publishing Group UK London}
}
@article{ahn2019wearable,
  title={Wearable sensing technology applications in construction safety and health},
  author={Ahn, Changbum R and Lee, SangHyun and Sun, Cenfei and Jebelli, Houtan and Yang, Kanghyeok and Choi, Byungjoo},
  journal={Journal of Construction Engineering and Management},
  volume={145},
  number={11},
  pages={03119007},
  year={2019},
  publisher={American Society of Civil Engineers}
}
@article{bassani2021dataset,
  title={A Dataset of Human Motion and Muscular Activities in Manual Material Handling Tasks for Biomechanical and Ergonomic Analyses},
  author={Bassani, Giulia and Filippeschi, Alessandro and Avizzano, Carlo Alberto},
  journal={IEEE Sensors Journal},
  volume={21},
  number={21},
  pages={24731--24739},
  year={2021},
  publisher={IEEE}
}
@misc{EMG_web,
  author = {{Impulse Medical Technologies Inc.}},
  title = {EMG Products},
  howpublished = {WebPage},
  note = {Online available at: \url{https://electrodestore.com/collections/emg-electrodes}; accessed at 21/5/2023}
}
@misc{Delsys_web,
  author = {{Delsys Inc.}},
  title = {Trigno Avanti Sensor Products},
  howpublished = {WebPage},
  note = {Online available at: \url{https://delsys.com/trigno-avanti/}; accessed at 21/5/2023}
}

% 2.2.1 simulation workflow / 2.2.2 model type
@article{ezati2019review,
  title={A review of simulation methods for human movement dynamics with emphasis on gait},
  author={Ezati, Mahdokht and Ghannadi, Borna and McPhee, John},
  journal={Multibody System Dynamics},
  volume={47},
  pages={265--292},
  year={2019},
  publisher={Springer}
}
@article{febrer2022predictive,
  title={Predictive multibody dynamic simulation of human neuromusculoskeletal systems: a review},
  author={Febrer-Nafr{\'\i}a, M{\'\i}riam and Nasr, Ali and Ezati, Mahdokht and Brown, Peter and Font-Llagunes, Josep M and McPhee, John},
  journal={Multibody System Dynamics},
  pages={1--41},
  year={2022},
  publisher={Springer}
}

% 2.2.3 simulate study
@article{fregly2007design,
  title={Design of patient-specific gait modifications for knee osteoarthritis rehabilitation},
  author={Fregly, Benjamin J and Reinbolt, Jeffrey A and Rooney, Kelly L and Mitchell, Kim H and Chmielewski, Terese L},
  journal={IEEE Transactions on Biomedical Engineering},
  volume={54},
  number={9},
  pages={1687--1695},
  year={2007},
  publisher={IEEE}
}
@article{karatsidis2016estimation,
  title={Estimation of ground reaction forces and moments during gait using only inertial motion capture},
  author={Karatsidis, Angelos and Bellusci, Giovanni and Schepers, H Martin and De Zee, Mark and Andersen, Michael S and Veltink, Peter H},
  journal={Sensors},
  volume={17},
  number={1},
  pages={75},
  year={2016},
  publisher={MDPI}
}
@article{diraneyya2021inertial,
  title={Inertial motion capture-based whole-body inverse dynamics},
  author={Diraneyya, Mohsen M and Ryu, JuHyeong and Abdel-Rahman, Eihab and Haas, Carl T},
  journal={Sensors},
  volume={21},
  number={21},
  pages={7353},
  year={2021},
  publisher={MDPI}
}

% 2.3.1 measure
@article{saxby2020machine,
  title={Machine learning methods to support personalized neuromusculoskeletal modelling},
  author={Saxby, David J and Killen, Bryce Adrian and Pizzolato, C and Carty, CP and Diamond, LE and Modenese, L and Fernandez, J and Davico, G and Barzan, M and Lenton, G and others},
  journal={Biomechanics and Modeling in Mechanobiology},
  volume={19},
  pages={1169--1185},
  year={2020},
  publisher={Springer}
}
@article{thelen2003adjustment,
  title={Adjustment of muscle mechanics model parameters to simulate dynamic contractions in older adults},
  author={Thelen, Darryl G},
  journal={Journal of Biomechanical Engineering},
  volume={125},
  number={1},
  pages={70--77},
  year={2003}
}
@article{adkins2021serial,
  title={Serial sarcomere number is substantially decreased within the paretic biceps brachii in individuals with chronic hemiparetic stroke},
  author={Adkins, Amy N and Dewald, Julius PA and Garmirian, Lindsay P and Nelson, Christa M and Murray, Wendy M},
  journal={Proceedings of the National Academy of Sciences},
  volume={118},
  number={26},
  pages={e2008597118},
  year={2021},
  publisher={National Acad Sciences}
}
@article{bheemreddy2020estimating,
  title={Estimating total maximum isometric force output of trunk and hip muscles after spinal cord injury},
  author={Bheemreddy, Akhil and Friederich, Aidan and Lombardo, Lisa and Triolo, Ronald J and Audu, Musa L},
  journal={Medical \& Biological Engineering \& Computing},
  volume={58},
  pages={739--751},
  year={2020},
  publisher={Springer}
}
@article{kainz2018influence,
  title={The influence of maximum isometric muscle force scaling on estimated muscle forces from musculoskeletal models of children with cerebral palsy},
  author={Kainz, Hans and Goudriaan, Marije and Falisse, Antoine and Huenaerts, Catherine and Desloovere, Kaat and De Groote, Friedl and Jonkers, Ilse},
  journal={Gait \& posture},
  volume={65},
  pages={213--220},
  year={2018},
  publisher={Elsevier}
}
@article{holzbaur2005model,
  title={A model of the upper extremity for simulating musculoskeletal surgery and analyzing neuromuscular control},
  author={Holzbaur, Katherine RS and Murray, Wendy M and Delp, Scott L},
  journal={Annals of Biomedical Engineering},
  volume={33},
  pages={829--840},
  year={2005},
  publisher={Springer}
}
@article{willemot2015mid,
  title={Mid-range shoulder instability modeled as a cam-follower mechanism},
  author={Willemot, Laurent and Thoreson, Andrew and Breighner, Ryan and Hooke, Alexander and Verborgt, Olivier and An, Kai-Nan},
  journal={Journal of Biomechanics},
  volume={48},
  number={10},
  pages={2227--2231},
  year={2015},
  publisher={Elsevier}
}
@article{wood1996trunk,
  title={Trunk muscle parameters determined from MRI for lean to obese males},
  author={Wood, S and Pearsall, DJ and Ross, R and Reid, JG},
  journal={Clinical Biomechanics},
  volume={11},
  number={3},
  pages={139--144},
  year={1996},
  publisher={Elsevier}
}
@article{hainisch2012method,
  title={Method for determining musculotendon parameters in subject-specific musculoskeletal models of children developed from MRI data},
  author={Hainisch, Reinhard and Gfoehler, Margit and Zubayer-Ul-Karim, M and Pandy, Marcus G},
  journal={Multibody System Dynamics},
  volume={28},
  pages={143--156},
  year={2012},
  publisher={Springer}
}
@article{charles2019vivo,
  title={In vivo human lower limb muscle architecture dataset obtained using diffusion tensor imaging},
  author={Charles, James P and Suntaxi, Felipe and Anderst, William J},
  journal={PLoS One},
  volume={14},
  number={10},
  pages={e0223531},
  year={2019},
  publisher={Public Library of Science San Francisco, CA USA}
}
@article{charles2019determining,
  title={Determining subject-specific lower-limb muscle architecture data for musculoskeletal models using diffusion tensor imaging},
  author={Charles, James P and Moon, Chan-Hong and Anderst, William J},
  journal={Journal of Biomechanical Engineering},
  volume={141},
  number={6},
  pages={060905},
  year={2019},
  publisher={American Society of Mechanical Engineers}
}
@article{charles2020subject,
  title={Subject-specific muscle properties from diffusion tensor imaging significantly improve the accuracy of musculoskeletal models},
  author={Charles, James P and Grant, Barbara and Dâ€™Ao{\^u}t, Kristiaan and Bates, Karl T},
  journal={Journal of Anatomy},
  volume={237},
  number={5},
  pages={941--959},
  year={2020},
  publisher={Wiley Online Library}
}
@article{rubenson2012ascent,
  title={On the ascent: the soleus operating length is conserved to the ascending limb of the force--length curve across gait mechanics in humans},
  author={Rubenson, Jonas and Pires, Neville J and Loi, Heok O and Pinniger, Gavin J and Shannon, Damian G},
  journal={Journal of Experimental Biology},
  volume={215},
  number={20},
  pages={3539--3551},
  year={2012},
  publisher={Company of Biologists}
}
@article{panizzolo2015soleus,
  title={Is the soleus a sentinel muscle for impaired aerobic capacity in heart failure?},
  author={Panizzolo, Fausto A and Maiorana, Andrew J and Naylor, Louise H and Lichtwark, Glen A and Dembo, Lawrence and Lloyd, David G and Green, Daniel J and Rubenson, Jonas},
  journal={Medicine and Science in Sports and Exercise},
  volume={47},
  number={3},
  pages={498--508},
  year={2015},
  publisher={American College of Sports Medicine}
}
@article{lee2008biomechanics,
  title={Biomechanics of overground vs. treadmill walking in healthy individuals},
  author={Lee, Song Joo and Hidler, Joseph},
  journal={Journal of Applied Physiology},
  volume={104},
  number={3},
  pages={747--755},
  year={2008},
  publisher={American Physiological Society}
}

% 2.3.2 estimate
@article{gerus2012subject,
  title={Subject-specific tendon-aponeurosis definition in Hill-type model predicts higher muscle forces in dynamic tasks},
  author={Gerus, Pauline and Rao, Guillaume and Berton, Eric},
  journal = {PLoS One},
  volume = {7},
  number = {8},
  pages = {1-13},
  year={2012},
  publisher={Public Library of Science San Francisco, USA}
}
@article{gerus2015ultrasound,
  title={Ultrasound-based subject-specific parameters improve fascicle behaviour estimation in Hill-type muscle model},
  author={Gerus, Pauline and Rao, Guillaume and Berton, Eric},
  journal={Computer Methods in Biomechanics and Biomedical Engineering},
  volume={18},
  number={2},
  pages={116--123},
  year={2015},
  publisher={Taylor \& Francis}
}
@article{delabastita2020ultrasound,
  title={Ultrasound-based optimal parameter estimation improves assessment of calf muscle--tendon interaction during walking},
  author={Delabastita, T and Afschrift, M and Vanwanseele, B and De Groote, F},
  journal={Annals of Biomedical Engineering},
  volume={48},
  pages={722--733},
  year={2020},
  publisher={Springer}
}
@article{mantoan2015motonms,
  title={MOtoNMS: A MATLAB toolbox to process motion data for neuromusculoskeletal modeling and simulation},
  author={Mantoan, Alice and Pizzolato, Claudio and Sartori, Massimo and Sawacha, Zimi and Cobelli, Claudio and Reggiani, Monica},
  journal={Source Code for Biology and Medicine},
  volume={10},
  pages={1--14},
  year={2015},
  publisher={Springer}
}
@article{pizzolato2015ceinms,
  title={CEINMS: A toolbox to investigate the influence of different neural control solutions on the prediction of muscle excitation and joint moments during dynamic motor tasks},
  author={Pizzolato, Claudio and Lloyd, David G and Sartori, Massimo and Ceseracciu, Elena and Besier, Thor F and Fregly, Benjamin J and Reggiani, Monica},
  journal={Journal of Biomechanics},
  volume={48},
  number={14},
  pages={3929--3936},
  year={2015},
  publisher={Elsevier}
}
@article{falisse2016emg,
  title={EMG-driven optimal estimation of subject-specific Hill model muscle--tendon parameters of the knee joint actuators},
  author={Falisse, Antoine and Van Rossom, Sam and Jonkers, Ilse and De Groote, Friedl},
  journal={IEEE Transactions on Biomedical Engineering},
  volume={64},
  number={9},
  pages={2253--2262},
  year={2016},
  publisher={IEEE}
}
@inproceedings{zhao2021direct,
  title={A direct collocation method for optimization of EMG-driven wrist muscle musculoskeletal model},
  author={Zhao, Yihui and Li, Zhenhong and Zhang, Zhiqiang and Asker, Ahmed and Xie, Sheng Q},
  booktitle={2021 IEEE International Conference on Robotics and Automation (ICRA)},
  pages={1759--1765},
  year={2021},
  organization={IEEE}
}
@article{zhao2022computational,
  title={Computational efficient personalised EMG-driven musculoskeletal model of wrist joint},
  author={Zhao, Yihui and Zhang, Jie and Li, Zhenhong and Qian, Kun and Xie, Sheng Quan and Lu, Yu and Zhang, Zhi-Qiang},
  journal={IEEE Transactions on Instrumentation and Measurement},
  year={2022},
  publisher={IEEE}
}
@article{dembia2020opensim,
  title={Opensim moco: Musculoskeletal optimal control},
  author={Dembia, Christopher L and Bianco, Nicholas A and Falisse, Antoine and Hicks, Jennifer L and Delp, Scott L},
  journal={PLoS Computational Biology},
  volume={16},
  number={12},
  pages={e1008493},
  year={2020},
  publisher={Public Library of Science San Francisco, CA USA}
}
@article{van2014new,
  title={A new method for estimating subject-specific muscle--tendon parameters of the knee joint actuators: a simulation study},
  author={Van Campen, Anke and Pipeleers, Goele and De Groote, Friedl and Jonkers, Ilse and De Schutter, Joris},
  journal={International Journal for Numerical Methods in Biomedical Engineering},
  volume={30},
  number={10},
  pages={969--987},
  year={2014},
  publisher={Wiley Online Library}
}
@article{colacino2012subject,
  title={Subject-specific musculoskeletal parameters of wrist flexors and extensors estimated by an EMG-driven musculoskeletal model},
  author={Colacino, Francesco M and Emiliano, Rustighi and Mace, Brian R},
  journal={Medical Engineering \& Physics},
  volume={34},
  number={5},
  pages={531--540},
  year={2012},
  publisher={Elsevier}
}
@article{crouch2016lumped,
  title={Lumped-parameter electromyogram-driven musculoskeletal hand model: A potential platform for real-time prosthesis control},
  author={Crouch, Dustin L and Huang, He},
  journal={Journal of Biomechanics},
  volume={49},
  number={16},
  pages={3901--3907},
  year={2016},
  publisher={Elsevier}
}
@article{hinson2022sensitivity,
  title={Sensitivity analysis guided improvement of an electromyogram-driven lumped parameter musculoskeletal hand model},
  author={Hinson Jr, Robert and Saul, Katherine and Kamper, Derek and Huang, He},
  journal={Journal of Biomechanics},
  volume={141},
  pages={111200},
  year={2022},
  publisher={Elsevier}
}

% 2.3.3 sensitivity
@article{martin2019influence,
  title={Influence of musculotendon geometry variability in muscle forces and hip bone-on-bone forces during walking},
  author={Mart{\'\i}n-Sosa, Ezequiel and Mart{\'\i}nez-Reina, J and Mayo, J and Ojeda, J},
  journal={PLoS One},
  volume={14},
  number={9},
  pages={e0222491},
  year={2019},
  publisher={Public Library of Science San Francisco, CA USA}
}
@article{brand1986sensitivity,
  title={The sensitivity of muscle force predictions to changes in physiologic cross-sectional area},
  author={Brand, Richard A and Pedersen, Douglas R and Friederich, James A},
  journal={Journal of Biomechanics},
  volume={19},
  number={8},
  pages={589--596},
  year={1986},
  publisher={Elsevier}
}
@article{scovil2006sensitivity,
  title={Sensitivity of a Hill-based muscle model to perturbations in model parameters},
  author={Scovil, Carol Y and Ronsky, Janet L},
  journal={Journal of Biomechanics},
  volume={39},
  number={11},
  pages={2055--2063},
  year={2006},
  publisher={Elsevier}
}
@article{redl2007sensitivity,
  title={Sensitivity of muscle force estimates to variations in muscle--tendon properties},
  author={Redl, Christian and Gfoehler, Margit and Pandy, Marcus G},
  journal={Human Movement Science},
  volume={26},
  number={2},
  pages={306--319},
  year={2007},
  publisher={Elsevier}
}
@article{de2010sensitivity,
  title={Sensitivity of dynamic simulations of gait and dynamometer experiments to hill muscle model parameters of knee flexors and extensors},
  author={De Groote, Friedl and Van Campen, Anke and Jonkers, Ilse and De Schutter, Joris},
  journal={Journal of Biomechanics},
  volume={43},
  number={10},
  pages={1876--1883},
  year={2010},
  publisher={Elsevier}
}
@article{ackland2012sensitivity,
  title={Sensitivity of model predictions of muscle function to changes in moment arms and muscle--tendon properties: a Monte-Carlo analysis},
  author={Ackland, David C and Lin, Yi-Chung and Pandy, Marcus G},
  journal={Journal of Biomechanics},
  volume={45},
  number={8},
  pages={1463--1471},
  year={2012},
  publisher={Elsevier}
}
@article{xiao2010sensitivity,
  title={Sensitivity of estimated muscle force in forward simulation of normal walking},
  author={Xiao, Ming and Higginson, Jill},
  journal={Journal of Applied Biomechanics},
  volume={26},
  number={2},
  pages={142--149},
  year={2010},
  publisher={Human Kinetics, Inc.}
}

% 2.4 end
@article{hicks2015my,
  title={Is my model good enough? Best practices for verification and validation of musculoskeletal models and simulations of movement},
  author={Hicks, Jennifer L and Uchida, Thomas K and Seth, Ajay and Rajagopal, Apoorva and Delp, Scott L},
  journal={Journal of Biomechanical Engineering},
  volume={137},
  number={2},
  year={2015},
  publisher={American Society of Mechanical Engineers Digital Collection}
}

% ------------------------- CH 3 ------------------------- %

@misc{opensim_fwd,
  author = {{OpenSim}},
  title = {Forward Dynamics Documentation in User's Guide},
	howpublished = {WebPage},
  note = {Online available at: \url{https://simtk-confluence.stanford.edu:8443/display/OpenSim/Forward+Dynamics}; accessed at 19/5/2023}
}
@misc{opensim_id,
  author = {{OpenSim}},
  title = {Inverse Dynamics Documentation in User's Guide},
	howpublished = {WebPage},
  note = {Online available at: \url{https://simtk-confluence.stanford.edu:8443/display/OpenSim/Inverse+Dynamics}; accessed at 19/5/2023}
}
@misc{opensim_so,
  author = {{OpenSim}},
  title = {Static Optimization Documentation in User's Guide},
	howpublished = {WebPage},
  note = {Online available at: \url{https://simtk-confluence.stanford.edu:8443/display/OpenSim/Static+Optimization}; accessed at 19/5/2023}
}
@misc{opensim_cmc,
  author = {{OpenSim}},
  title = {Computed Muscle Control Documentation in User's Guide},
  howpublished = {WebPage},
  note = {Online available at: \url{https://simtk-confluence.stanford.edu:8443/display/OpenSim/Computed+Muscle+Control}; accessed at 19/5/2023}
}
@misc{matlab_pso,
  author = {{The MathWorks Inc.}},
  title = {Particle Swarm Documentation in Global Optimization Toolbox},
  howpublished = {WebPage},
  note = {Online available at: \url{https://www.mathworks.com/help/gads/particle-swarm.html}; accessed at 19/5/2023}
}
@misc{matlab_direct,
  author = {{The MathWorks Inc.}},
  title = {Direct Search Documentation in Global Optimization Toolbox},
  howpublished = {WebPage},
  note = {Online available at: \url{https://www.mathworks.com/help/gads/direct-search.html}; accessed at 19/5/2023}
}
@misc{matlab_search,
  author = {{The MathWorks Inc.}},
  title = {Searching and Polling Documentation in Global Optimization Toolbox},
  howpublished = {WebPage},
  note = {Online available at: \url{https://www.mathworks.com/help/gads/searching-and-polling.html}; accessed at 19/5/2023}
}
@article{hill1938heat,
  title={The heat of shortening and the dynamic constants of muscle},
  author={Hill, Archibald Vivian},
  journal={Proceedings of the Royal Society of London. Series B-Biological Sciences},
  volume={126},
  number={843},
  pages={136--195},
  year={1938},
  publisher={The Royal Society London}
}
@article{zajac1989muscle,
  title={Muscle and tendon: properties, models, scaling, and application to biomechanics and motor control.},
  author={Zajac, Felix E},
  journal={Critical Reviews in Biomedical Engineering},
  volume={17},
  number={4},
  pages={359--411},
  year={1989}
}
@article{sobol1967distribution,
  title={On the distribution of points in a cube and the approximate evaluation of integrals},
  author={Sobol', Il'ya Meerovich},
  journal={Zhurnal Vychislitel'noi Matematiki i Matematicheskoi Fiziki},
  volume={7},
  number={4},
  pages={784--802},
  year={1967},
  publisher={Russian Academy of Sciences, Branch of Mathematical Sciences}
}
@article{thelen2006using,
  title={Using computed muscle control to generate forward dynamic simulations of human walking from experimental data},
  author={Thelen, Darryl G and Anderson, Frank C},
  journal={Journal of Biomechanics},
  volume={39},
  number={6},
  pages={1107--1115},
  year={2006},
  publisher={Elsevier}
}
@article{thelen2003generating,
  title={Generating dynamic simulations of movement using computed muscle control},
  author={Thelen, Darryl G and Anderson, Frank C and Delp, Scott L},
  journal={Journal of Biomechanics},
  volume={36},
  number={3},
  pages={321--328},
  year={2003},
  publisher={Elsevier}
}
@article{millard2013flexing,
  title={Flexing computational muscle: modeling and simulation of musculotendon dynamics},
  author={Millard, Matthew and Uchida, Thomas and Seth, Ajay and Delp, Scott L},
  journal={Journal of Biomechanical Engineering},
  volume={135},
  number={2},
  year={2013},
  publisher={American Society of Mechanical Engineers Digital Collection}
}
@article{delp2007opensim,
  title={OpenSim: open-source software to create and analyze dynamic simulations of movement},
  author={Delp, Scott L and Anderson, Frank C and Arnold, Allison S and Loan, Peter and Habib, Ayman and John, Chand T and Guendelman, Eran and Thelen, Darryl G},
  journal={IEEE Transactions on Biomedical Engineering},
  volume={54},
  number={11},
  pages={1940--1950},
  year={2007},
  publisher={IEEE}
}

% ------------------------- CH 4 ------------------------- %

@article{akhavanfar2022sharing,
  title={Sharing the load: modeling loads in OpenSim to simulate two-handed lifting},
  author={Akhavanfar, Mohammadhossein and Uchida, Thomas K and Clouthier, Allison L and Graham, Ryan B},
  journal={Multibody System Dynamics},
  volume={54},
  number={2},
  pages={213--234},
  year={2022},
  publisher={Springer}
}

% ------------------------- CH 5 ------------------------- %


% ------------------------- CH 6 ------------------------- %
